@inproceedings{domingos2006unifying,
  title={Unifying Logical and Statistical AI.},
  author={Domingos, Pedro and Kok, Stanley and Poon, Hoifung and Richardson, Matthew and Singla, Parag},
  booktitle={AAAI},
  volume={6},
  pages={2--7},
  year={2006}
}

@techreport{wintermute2009overview,
  title={An Overview of Spatial Processing in Soar/SVS},
  author={Wintermute, Samuel},
  year={2009},
  institution={Technical Report CCA-TR-2009--01, Center for Cognitive Architecture, University of Michigan}
}

@article{egg-cracking,
  title={Mid-sized axiomatizations of commonsense problems: A case study in egg cracking},
  author={Morgenstern, Leora},
  journal={Studia Logica},
  volume={67},
  number={3},
  pages={333--384},
  year={2001},
  publisher={Springer}
}

@ONLINE{raycasting,
author = {New York University},
title = {Ray-Casting Tutorial For Game Development And Other Purposes},
year = {2001},
url = {http://www.test.org/doe/}
}
@ONLINE{blendernoob,
author = {Anonymous},
title = {Coordinate Spaces in Blender},
month = nov,
year = {2013},
url = {http://en.wikibooks.org/wiki/Blender_3D:_Noob_to_Pro/Coordinate_Spaces_in_Blender}
}

@inproceedings{wordseye,
  title={WordsEye: an automatic text-to-scene conversion system},
  author={Coyne, Bob and Sproat, Richard},
  booktitle={Proceedings of the 28th annual conference on Computer graphics and interactive techniques},
  pages={487--496},
  year={2001},
  organization={ACM}
}

@inproceedings{johnston2011interface,
  title={An Interface for Crowd-Sourcing Spatial Models of Commonsense.},
  author={Johnston, Benjamin},
  booktitle={AAAI Spring Symposium: Logical Formalizations of Commonsense Reasoning},
  year={2011}
}

@article{johnston2008comirit,
  title={Comirit: Commonsense reasoning by integrating simulation and logic},
  author={Johnston, Benjamin and Williams, Mary-Anne},
  journal={FRONTIERS IN ARTIFICIAL INTELLIGENCE AND APPLICATIONS},
  volume={171},
  pages={200},
  year={2008},
  publisher={IOS Press}
}

@phdthesis{johnston2009practical,
  title={Practical artificial commonsense},
  author={Johnston, Benjamin},
  year={2009}
}

@incollection{johnston2011collection,
  title={The collection of physical knowledge and its application in intelligent systems},
  author={Johnston, Benjamin},
  booktitle={Artificial General Intelligence},
  pages={163--173},
  year={2011},
  publisher={Springer}
}

@book{mccarthy1963programs,
  title={Programs with common sense},
  author={McCarthy, John},
  year={1963},
  publisher={Defense Technical Information Center}
}

@article{gardin1989analogical,
  title={Analogical representations of naive physics},
  author={Gardin, Francesco and Meltzer, Bernard},
  journal={Artificial Intelligence},
  volume={38},
  number={2},
  pages={139--159},
  year={1989},
  publisher={Elsevier}
}

@article{selman1998analogical,
  title={Analogical Representations},
  author={Selman, Bart},
  journal={Constraining Cognitive Theories: Issues and Options. Stamford, CT: Ablex Publishing},
  pages={61--84},
  year={1998}
}

@article{schubert2000episodic,
  title={Episodic Logic meets Little Red Riding Hood: A comprehensive, natural representation for language understanding},
  author={Schubert, Lenhart K and Hwang, Chung Hee},
  journal={Natural language processing and knowledge representation: Language for Knowledge and Knowledge for Language},
  pages={111--174},
  year={2000},
  publisher={MIT Press}
}

@incollection{schubert1987accelerating,
  title={Accelerating deductive inference: Special methods for taxonomies, colours and times},
  author={Schubert, Lenhart K and Papalaskaris, Mary Angela and Taugher, Jay},
  booktitle={The Knowledge Frontier},
  pages={187--220},
  year={1987},
  publisher={Springer}
}

@article{schubert1983determining,
  title={Determining type, part, color, and time relationships},
  author={Schubert, Lenhart K. and Papalaskaris, Mary Angela and Taugher, Jay},
  journal={Computer;(United States)},
  volume={10},
  year={1983},
  publisher={Univ. of Alberta, Edmonton, Canada}
}

@techreport{wintermute2009overview,
  title={An Overview of Spatial Processing in Soar/SVS},
  author={Wintermute, Samuel},
  year={2009},
  institution={Technical Report CCA-TR-2009--01, Center for Cognitive Architecture, University of Michigan}
}

@inproceedings{xu2002constraint,
  title={Constraint-based automatic placement for scene composition},
  author={Xu, Ken and Stewart, James and Fiume, Eugene},
  booktitle={Graphics Interface},
  volume={2},
  year={2002}
}